@misc{murrone_copyright,
  title        = {Primi Composti. Una gara strategica e aritmetica},
  author       = {L. Murrone},
  year         = {2024},
  publisher    = {ReLudo},
  note         = {\textcopyright{} 2024 L. Murrone}
}

@misc{repository,
  title        = {gtproject},
  note         = {GitHub Repository},
  url          = {https://github.com/Roncooo/gtproject/},
  howpublished = {\url{https://github.com/Roncooo/gtproject/}}
}
